
@article{sung20163d,
  title={3D terrain reconstruction of construction sites using a stereo camera},
  author={Sung, Changhun and Kim, Pan Young},
  journal={Automation in Construction},
  volume={64},
  pages={65--77},
  year={2016},
  publisher={Elsevier}
}
@article{torres2016coverage,
  title={Coverage path planning with unmanned aerial vehicles for 3D terrain reconstruction},
  author={Torres, Marina and Pelta, David A and Verdegay, Jos{\'e} L and Torres, Juan C},
  journal={Expert Systems with Applications},
  pages={441--451},
  volume={55},
  year={2016},
  publisher={Elsevier}
}
@article{shao2017estimation,
  title={Estimation of soil volume change using UAV-based 3D terrain mapping},
  author={Shao, Yuyang and Ji, Yonghoon and Fujii, Hiromitsu and Yamamoto, Shingo and Chiba, Takumi and Chayama, Kazuhiro and Tamura, Yusuke and Nagatani, Keiji and Yamashita, Atsushi and Asama, Hajime},
  journal={The Society of Instrument and Control Engineers System and Information Division Academic Lecture2017 Collection of Academic Papers, GS07-14},
  year={2017}
}
@article{comba2020semantic,
  title={Semantic interpretation and complexity reduction of 3D point clouof vineyards},
  author={Comba, Lorenzo and Zaman, Shahzad and Biglia, Alessandro and Aimonino, Davide Ricauda and Dabbene, Fabrizio and Gay, Paolo},
  journal={biosystems engineering},
  volume={197},
  pages={216--230},
  year={2020},
  publisher={Elsevier}
}
@article{yousefhussien2020nearest,
  title={A Nearest Neighbor Network to Extract Digital Terrain Models from 3D Point Clouds},
  author={Yousefhussien, Mohammed and Kelbe, David J and Salvaggio, Carl},
  journal={arXiv preprint arXiv:2005.10745},
  year={2020}
}
@article{hammond2020survey,
  title={Survey of 8 UAV Set-Covering Algorithms for Terrain Photogrammetry},
  author={Hammond, Joshua E and Vernon, Cory A and Okeson, Trent J and Barrett, Benjamin J and Arce, Samuel and Newell, Valerie and Janson, Joseph and Franke, Kevin W and Hedengren, John D},
  journal={Remote Sensing},
  volume={12},
  number={14},
  pages={2285},
  year={2020},
  publisher={Multidisciplinary Digital Publishing Institute}
}
@article{popovic2017multiresolution,
  title={Multiresolution mapping and informative path planning for UAV-based terrain monitoring},
  author={Popovi{\'c}, Marija and Vidal-Calleja, Teresa and Hitz, Gregory and Sa, Inkyu and Siegwart, Roland and Nieto, Juan},
  journal={IEEE/RSJ International Conference on Intelligent Robots and Systems (IROS)},
  pages={1382--1388},
  year={2017},
  organization={IEEE}
}
@article{popovic2017online,
  title={Online informative path planning for active classification using uavs},
  author={Popovic, Marija and Hitz, Gregory and Nieto, Juan and Sa, Inkyu and Siegwart, Roland and Galceran, Enric},
  journal={arXiv preprint arXiv:1609.08446},
  year={2016}
}
@article{popovic2020informative,
  title={An informative path planning framework for UAV-based terrain monitoring},
  author={Popovi{\'c}, Marija and Vidal-Calleja, Teresa and Hitz, Gregory and Chung, Jen Jen and Sa, Inkyu and Siegwart, Roland and Nieto, Juan},
  journal={Autonomous Robots},
  volume={44},
  number={6},
  pages={889--911},
  year={2020},
  publisher={Springer}
}
@article{jin2021adaptive,
  title={Adaptive-Resolution Gaussian Process Mapping for Efficient UAV-based Terrain Monitoring},
  author={Jin, Liren and R{\"u}ckin, Julius and Kiss, Stefan H and Vidal-Calleja, Teresa and Popovi{\'c}, Marija},
  journal={arXiv preprint arXiv:2109.14257},
  year={2021}
}
@article{stache2021adaptive,
  title={Adaptive Path Planning for UAV-based Multi-Resolution Semantic Segmentation},
  author={Stache, Felix and Westheider, Jonas and Magistri, Federico and Popovi{\'c}, Marija and Stachniss, Cyrill},
  journal={European Conference on Mobile Robots (ECMR)},
  pages={1--6},
  year={2021},
  organization={IEEE}
}
@article{pena2015quantifying,
  title={Quantifying efficacy and limits of unmanned aerial vehicle (UAV) technology for weed seedling detection as affected by sensor resolution},
  author={Pe{\~n}a, Jos{\'e} M and Torres-S{\'a}nchez, Jorge and Serrano-P{\'e}rez, Ang{\'e}lica and De Castro, Ana I and L{\'o}pez-Granados, Francisca},
  journal={Sensors},
  volume={15},
  number={3},
  pages={5609--5626},
  year={2015},
  publisher={Multidisciplinary Digital Publishing Institute}
}
@article{binney2012branch,
  title={Branch and bound for informative path planning},
  author={Binney, Jonathan and Sukhatme, Gaurav S},
  journal={IEEE international conference on robotics and automation},
  pages={2147--2154},
  year={2012},
  organization={IEEE}
}
@article{arora2017randomized,
  title={Randomized algorithm for informative path planning with budget constraints},
  author={Arora, Sankalp and Scherer, Sebastian},
  journal={IEEE International Conference on Robotics and Automation (ICRA)},
  pages={4997--5004},
  year={2017},
  organization={IEEE}
}
@article{bloesch2015robust,
  title={Robust visual inertial odometry using a direct EKF-based approach},
  author={Bloesch, Michael and Omari, Sammy and Hutter, Marco and Siegwart, Roland},
  journal={IEEE/RSJ international conference on intelligent robots and systems (IROS)},
  pages={298--304},
  year={2015},
  organization={IEEE}
}
@incollection{kamel2017model,
  title={Model predictive control for trajectory tracking of unmanned aerial vehicles using robot operating system},
  author={Kamel, Mina and Stastny, Thomas and Alexis, Kostas and Siegwart, Roland},
  journal={Robot operating system (ROS)},
  pages={3--39},
  year={2017},
  publisher={Springer}
}
@article{won2020application,
  title={Application of a Deep Learning Method on Aerial Orthophotos to Extract Land Categories},
  author={Won, Taeyeon and Song, Junyoung and Lee, Byoungkil and Pyeon, Mu Wook and Sa, Jiwon},
  journal={Journal of the Korean Society of Surveying, Geodesy, Photogrammetry and Cartography},
  volume={38},
  number={5},
  pages={443--453},
  year={2020},
  publisher={Korean Society of Surveying, Geodesy, Photogrammetry and Cartography}
}
@article{feng2020multi,
  title={Multi-temporal unmanned aerial vehicle remote sensing for vegetable mapping using an attention-based recurrent convolutional neural network},
  author={Feng, Quanlong and Yang, Jianyu and Liu, Yiming and Ou, Cong and Zhu, Dehai and Niu, Bowen and Liu, Jiantao and Li, Baoguo},
  journal={Remote Sensing},
  volume={12},
  number={10},
  pages={1668},
  year={2020},
  publisher={Multidisciplinary Digital Publishing Institute}
}
@article{van2007stereo,
  title={Stereo based obstacle detection with uncertainty in rough terrain},
  author={van der Mark, Wannes and van den Heuvel, Johan C and Groen, Frans CA},
  journal={IEEE Intelligent Vehicles Symposium},
  pages={1005--1012},
  year={2007},
  organization={IEEE}
}
@article{ramon2017detection,
  title={Detection, location and grasping objects using a stereo sensor on UAV in outdoor environments},
  author={Ramon Soria, Pablo and Arrue, Bego{\~n}a C and Ollero, Anibal},
  journal={Sensors},
  volume={17},
  number={1},
  pages={103},
  year={2017},
  publisher={Multidisciplinary Digital Publishing Institute}
}
@article{badrinarayanan2017segnet,
  title={Segnet: A deep convolutional encoder-decoder architecture for image segmentation},
  author={Badrinarayanan, Vijay and Kendall, Alex and Cipolla, Roberto},
  journal={IEEE transactions on pattern analysis and machine intelligence},
  volume={39},
  number={12},
  pages={2481--2495},
  year={2017},
  publisher={IEEE}
}
@article{sa2017weednet,
  title={weednet: Dense semantic weed classification using multispectral images and mav for smart farming},
  author={Sa, Inkyu and Chen, Zetao and Popovi{\'c}, Marija and Khanna, Raghav and Liebisch, Frank and Nieto, Juan and Siegwart, Roland},
  journal={IEEE robotics and automation letters},
  volume={3},
  number={1},
  pages={588--595},
  year={2017},
  publisher={IEEE}
}
%%%%%%%%%%%%%%%%%%%%%%%%%%%%%%%%%%%%%%
@article{charrow2015information,
  title={Information-theoretic mapping using cauchy-schwarz quadratic mutual information},
  author={Charrow, Benjamin and Liu, Sikang and Kumar, Vijay and Michael, Nathan},
  journal={IEEE International Conference on Robotics and Automation (ICRA)},
  pages={4791--4798},
  year={2015},
  organization={IEEE}
}
@article{chung2011analysis,
  title={Analysis of search decision making using probabilistic search strategies},
  author={Chung, Timothy H and Burdick, Joel W},
  journal={IEEE Transactions on Robotics},
  volume={28},
  number={1},
  pages={132--144},
  year={2011},
  publisher={IEEE}
}
@article{nemhauser1978analysis,
  title={An analysis of approximations for maximizing submodular set functionsâ€”I},
  author={Nemhauser, George L and Wolsey, Laurence A and Fisher, Marshall L},
  journal={Mathematical programming},
  volume={14},
  number={1},
  pages={265--294},
  year={1978},
  publisher={Springer}
}
@article{zhang2016submodular,
  title={Submodular optimization with routing constraints},
  author={Zhang, Haifeng and Vorobeychik, Yevgeniy},
  journal={Proceedings of the AAAI conference on artificial intelligence},
  volume={30},
  number={1},
  year={2016}
}
@article{hollinger2008proofs,
  title={Proofs and experiments in scalable, near-optimal search by multiple robots},
  author={Hollinger, Geoffrey and Singh, Sanjiv},
  journal={Proceedings of Robotics: Science and Systems},
  volume={1},
  year={2008}
}
@article{singh2009nonmyopic,
  title={Nonmyopic adaptive informative path planning for multiple robots},
  author={Singh, Amarjeet},
  year={2009}
}
@article{tseng2017near,
  title={Near-optimal probabilistic search via submodularity and sparse regression},
  author={Tseng, Kuo-Shih and Mettler, B{\'e}r{\'e}nice},
  journal={Autonomous Robots},
  volume={41},
  number={1},
  pages={205--229},
  year={2017},
  publisher={Springer}
}
@article{javdani2013efficient,
  title={Efficient touch based localization through submodularity},
  author={Javdani, Shervin and Klingensmith, Matthew and Bagnell, J Andrew and Pollard, Nancy S and Srinivasa, Siddhartha S},
  journal={IEEE International Conference on Robotics and Automation},
  pages={1828--1835},
  year={2013},
  organization={IEEE}
}
@article{golovin2011adaptive,
  title={Adaptive submodularity: Theory and applications in active learning and stochastic optimization},
  author={Golovin, Daniel and Krause, Andreas},
  journal={Journal of Artificial Intelligence Research},
  volume={42},
  pages={427--486},
  year={2011}
}
@article{gabillon2013adaptive,
  title={Adaptive submodular maximization in bandit setting},
  author={Gabillon, Victor and Kveton, Branislav and Wen, Zheng and Eriksson, Brian and Muthukrishnan, Shanmugavelayutham},
  journal={Advances in Neural Information Processing Systems},
  volume={26},
  year={2013}
}
@article{queralta2020collaborative,
  title={Collaborative multi-robot search and rescue: Planning, coordination, perception, and active vision},
  author={Queralta, Jorge Pe{\~n}a and Taipalmaa, Jussi and Pullinen, Bilge Can and Sarker, Victor Kathan and Gia, Tuan Nguyen and Tenhunen, Hannu and Gabbouj, Moncef and Raitoharju, Jenni and Westerlund, Tomi},
  journal={Ieee Access},
  volume={8},
  pages={191617--191643},
  year={2020},
  publisher={IEEE}
}
@article{chen2014active,
  title={Active detection via adaptive submodularity},
  author={Chen, Yuxin and Shioi, Hiroaki and Montesinos, Cesar Fuentes and Koh, Lian Pin and Wich, Serge and Krause, Andreas},
  journal={International Conference on Machine Learning},
  pages={55--63},
  year={2014},
  organization={PMLR}
}
@article{barinova2012detection,
  title={On detection of multiple object instances using hough transforms},
  author={Barinova, Olga and Lempitsky, Victor and Kholi, Pushmeet},
  journal={IEEE Transactions on Pattern Analysis and Machine Intelligence},
  volume={34},
  number={9},
  pages={1773--1784},
  year={2012},
  publisher={IEEE}
}
@article{breuer2020fast,
  title={The FAST algorithm for submodular maximization},
  author={Breuer, Adam and Balkanski, Eric and Singer, Yaron},
  journal={International Conference on Machine Learning},
  pages={1134--1143},
  year={2020},
  organization={PMLR}
}
@article{auer2008near,
  title={Near-optimal regret bounds for reinforcement learning},
  author={Auer, Peter and Jaksch, Thomas and Ortner, Ronald},
  journal={Advances in neural information processing systems},
  volume={21},
  year={2008}
}
@article{mitrovic2019adaptive,
  title={Adaptive sequence submodularity},
  author={Mitrovic, Marko and Kazemi, Ehsan and Feldman, Moran and Krause, Andreas and Karbasi, Amin},
  journal={Advances in Neural Information Processing Systems},
  volume={32},
  year={2019}
}
@article{elfes1989using,
  title={Using occupancy grids for mobile robot perception and navigation},
  author={Elfes, Alberto},
  journal={Computer},
  volume={22},
  number={6},
  pages={46--57},
  year={1989},
  publisher={IEEE}
}
@book{stone1976theory,
  title={Theory of optimal search},
  author={Stone, Lawrence D},
  year={1976},
  publisher={Elsevier}
}
@article{bourgault2003coordinated,
  title={Coordinated decentralized search for a lost target in a Bayesian world},
  author={Bourgault, Frederic and Furukawa, Tomonari and Durrant-Whyte, Hugh F},
  journal={Proceedings IEEE/RSJ International Conference on Intelligent Robots and Systems (IROS)},
  volume={1},
  pages={48--53},
  year={2003},
  organization={IEEE}
}
@article{trummel1986complexity,
  title={The complexity of the optimal searcher path problem},
  author={Trummel, KE and Weisinger, JR},
  journal={Operations Research},
  volume={34},
  number={2},
  pages={324--327},
  year={1986},
  publisher={INFORMS}
}
@article{krause2006near,
  title={Near-optimal sensor placements: Maximizing information while minimizing communication cost},
  author={Krause, Andreas and Guestrin, Carlos and Gupta, Anupam and Kleinberg, Jon},
  journal={Proceedings of the 5th international conference on Information processing in sensor networks},
  pages={2--10},
  year={2006}
}
@article{guillory2010interactive,
  title={Interactive submodular set cover},
  author={Guillory, Andrew and Bilmes, Jeff},
  journal={arXiv preprint arXiv:1002.3345},
  year={2010}
}
@article{gabillon2014large,
  title={Large-scale optimistic adaptive submodularity},
  author={Gabillon, Victor and Kveton, Branislav and Wen, Zheng and Eriksson, Brian and Muthukrishnan, S},
  journal={Proceedings of the AAAI Conference on Artificial Intelligence},
  volume={28},
  number={1},
  year={2014}
}
@article{lo2012toward,
  title={Toward optimizing static target search path planning},
  author={Lo, Nassirou and Berger, Jean and Noel, Martin},
  journal={IEEE Symposium on Computational Intelligence for Security and Defence Applications},
  pages={1--7},
  year={2012},
  organization={IEEE}
}
@article{lau2008discounted,
  title={Discounted mean bound for the optimal searcher path problem with non-uniform travel times},
  author={Lau, Haye and Huang, Shoudong and Dissanayake, Gamini},
  journal={European journal of operational research},
  volume={190},
  number={2},
  pages={383--397},
  year={2008},
  publisher={Elsevier}
}
@article{arora2018hindsight,
  title={Hindsight is only 50/50: Unsuitability of MDP based approximate POMDP solvers for multi-resolution information gathering},
  author={Arora, Sankalp and Choudhury, Sanjiban and Scherer, Sebastian},
  journal={arXiv preprint arXiv:1804.02573},
  year={2018}
}
@article{galceran2013survey,
  title={A survey on coverage path planning for robotics},
  author={Galceran, Enric and Carreras, Marc},
  journal={Robotics and Autonomous systems},
  volume={61},
  number={12},
  pages={1258--1276},
  year={2013},
  publisher={Elsevier}
}
@article{chung2007decision,
  title={A decision-making framework for control strategies in probabilistic search},
  author={Chung, Timothy H and Burdick, Joel W},
  journal={Proceedings IEEE International Conference on Robotics and Automation},
  pages={4386--4393},
  year={2007},
  organization={IEEE}
}
@article{chung2011analysis,
  title={Analysis of search decision making using probabilistic search strategies},
  author={Chung, Timothy H and Burdick, Joel W},
  journal={IEEE Transactions on Robotics},
  volume={28},
  number={1},
  pages={132--144},
  year={2011},
  publisher={IEEE}
}
@article{yamauchi1998frontier,
  title={Frontier-based exploration using multiple robots},
  author={Yamauchi, Brian},
  journal={Proceedings of the second international conference on Autonomous agents},
  pages={47--53},
  year={1998}
}
@article{hansen2006cma,
  title={The CMA evolution strategy: a comparing review},
  author={Hansen, Nikolaus},
  journal={Towards a new evolutionary computation},
  pages={75--102},
  year={2006},
  publisher={Springer}
}
@phdthesis{tseng2016learning,
  title={Learning in human and robot search: Subgoal, submodularity, and sparsity},
  author={Tseng, Kuo-Shih},
  year={2016},
  school={University of Minnesota}
}
@article{flood1956traveling,
  title={The traveling-salesman problem},
  author={Flood, Merrill M},
  journal={Operations research},
  volume={4},
  number={1},
  pages={61--75},
  year={1956},
  publisher={INFORMS}
}
@article{lin2023improvement,
  title={Improvement of Submodular Maximization Problems With Routing Constraints via Submodularity and Fourier Sparsity},
  author={Lin, Pao-Te and Tseng, Kuo-Shih},
  journal={IEEE Robotics and Automation Letters},
  volume={8},
  number={4},
  pages={1927--1934},
  year={2023},
  publisher={IEEE}
}
@article{alpert1993direct,
  title={A direct combination of the Prim and Dijkstra constructions for improved performance-driven global routing},
  author={Alpert, Charles J and Hu, TC and Huang, Jen-Hsin and Kahng, Andrew B},
  journal={IEEE International Symposium on Circuits and Systems},
  pages={1869--1872},
  year={1993},
  organization={IEEE}
}
@article{alpert2018prim,
  title={Prim-Dijkstra revisited: Achieving superior timing-driven routing trees},
  author={Alpert, Charles J and Chow, Wing-Kai and Han, Kwangsoo and Kahng, Andrew B and Li, Zhuo and Liu, Derong and Venkatesh, Sriram},
  journal={Proceedings of the International Symposium on Physical Design},
  pages={10--17},
  year={2018}
}
@article{christofides2022worst,
  title={Worst-case analysis of a new heuristic for the travelling salesman problem},
  author={Christofides, Nicos},
  journal={Operations Research Forum},
  volume={3},
  number={1},
  pages={20},
  year={2022},
  organization={Springer}
}
@article{arora1996polynomial,
  title={Polynomial time approximation schemes for Euclidean TSP and other geometric problems},
  author={Arora, Sanjeev},
  journal={Proceedings of 37th Conference on Foundations of Computer Science},
  pages={2--11},
  year={1996},
  organization={IEEE}
}
@article{zambito2006traveling,
  title={The traveling salesman problem: a comprehensive survey},
  author={Zambito, Leonardo},
  journal={Project for CSE},
  volume={4080},
  year={2006},
  publisher={Citeseer}
}
@article{besada2010evolutionary,
  title={Evolutionary trajectory planner for multiple UAVs in realistic scenarios},
  author={Besada-Portas, Eva and de la Torre, Luis and de la Cruz, Jesus M and de Andr{\'e}s-Toro, Bonifacio},
  journal={IEEE Transactions on Robotics},
  volume={26},
  number={4},
  pages={619--634},
  year={2010},
  publisher={IEEE}
}
@article{nikolos2003evolutionary,
  title={Evolutionary algorithm based offline/online path planner for UAV navigation},
  author={Nikolos, Ioannis K and Valavanis, Kimon P and Tsourveloudis, Nikos C and Kostaras, Anargyros N},
  journal={IEEE Transactions on Systems, Man, and Cybernetics, Part B (Cybernetics)},
  volume={33},
  number={6},
  pages={898--912},
  year={2003},
  publisher={IEEE}
}
@article{galceran2013survey,
  title={A survey on coverage path planning for robotics},
  author={Galceran, Enric and Carreras, Marc},
  journal={Robotics and Autonomous systems},
  volume={61},
  number={12},
  pages={1258--1276},
  year={2013},
  publisher={Elsevier}
}
@article{hitz2017adaptive,
  title={Adaptive continuous-space informative path planning for online environmental monitoring},
  author={Hitz, Gregory and Galceran, Enric and Garneau, Marie-{\`E}ve and Pomerleau, Fran{\c{c}}ois and Siegwart, Roland},
  journal={Journal of Field Robotics},
  volume={34},
  number={8},
  pages={1427--1449},
  year={2017},
  publisher={Wiley Online Library}
}
@article{kadane1977optimal,
  title={Optimal strategies for a class of constrained sequential problems},
  author={Kadane, Joseph B and Simon, Herbert A},
  journal={The Annals of Statistics},
  volume={5},
  number={2},
  pages={237--255},
  year={1977},
  publisher={Institute of Mathematical Statistics}
}
@article{conforti1984submodular,
  title={Submodular set functions, matroids and the greedy algorithm: tight worst-case bounds and some generalizations of the Rado-Edmonds theorem},
  author={Conforti, Michele and Cornu{\'e}jols, G{\'e}rard},
  journal={Discrete applied mathematics},
  volume={7},
  number={3},
  pages={251--274},
  year={1984},
  publisher={Elsevier}
}
@article{prim1957shortest,
  title={Shortest connection networks and some generalizations},
  author={Prim, Robert Clay},
  journal={The Bell System Technical Journal},
  volume={36},
  number={6},
  pages={1389--1401},
  year={1957},
  publisher={Nokia Bell Labs}
}
@article{grossman1997computational,
  title={Computational experience with approximation algorithms for the set covering problem},
  author={Grossman, Tal and Wool, Avishai},
  journal={European journal of operational research},
  volume={101},
  number={1},
  pages={81--92},
  year={1997},
  publisher={Elsevier}
}
@article{lin1973effective,
  title={An effective heuristic algorithm for the traveling-salesman problem},
  author={Lin, Shen and Kernighan, Brian W},
  journal={Operations research},
  volume={21},
  number={2},
  pages={498--516},
  year={1973},
  publisher={Informs}
}
@article{rosenkrantz1977analysis,
  title={An analysis of several heuristics for the traveling salesman problem},
  author={Rosenkrantz, Daniel J and Stearns, Richard E and Lewis, II, Philip M},
  journal={SIAM journal on computing},
  volume={6},
  number={3},
  pages={563--581},
  year={1977},
  publisher={SIAM}
}
@article{herer1999submodularity,
  title={Submodularity and the traveling salesman problem},
  author={Herer, Yale T},
  journal={European journal of operational research},
  volume={114},
  number={3},
  pages={489--508},
  year={1999},
  publisher={Elsevier}
}
@article{schutte1952problem,
  title={Das problem der dreizehn Kugeln},
  author={Sch{\"u}tte, Kurt and van der Waerden, Bartel Leendert},
  journal={Mathematische Annalen},
  volume={125},
  number={1},
  pages={325--334},
  year={1952},
  publisher={Springer}
}
@mastersthesis{SHIEH2023,
  title={Map Explorations via Dynamic Tree-Structured Graph},
  author={Shieh, Rei-Shu},
  year={2023},
  school={National Central University}
}
@article{jocher2021ultralytics,
  title={ultralytics/yolov5: v5. 0-YOLOv5-P6 1280 models, AWS, Supervise. ly and YouTube integrations},
  author={Jocher, Glenn and Stoken, Alex and Borovec, Jirka and Chaurasia, Ayush and Changyu, Liu and Hogan, Adam and Hajek, Jan and Diaconu, Laurentiu and Kwon, Yonghye and Defretin, Yann and others},
  journal={Zenodo},
  year={2021}
}
@article{lu20203d,
  title={3d map exploration via learning submodular functions in the fourier domain},
  author={Lu, Bing-Xian and Tseng, Kuo-Shih},
  journal={International Conference on Unmanned Aircraft Systems (ICUAS)},
  pages={1199--1205},
  year={2020},
  organization={IEEE}
}
@article{corah2019distributed,
  title={Distributed matroid-constrained submodular maximization for multi-robot exploration: Theory and practice},
  author={Corah, Micah and Michael, Nathan},
  journal={Autonomous Robots},
  volume={43},
  pages={485--501},
  year={2019},
  publisher={Springer}
}
@article{bian2020efficient,
  title={An efficient evolutionary algorithm for subset selection with general cost constraints},
  author={Bian, Chao and Feng, Chao and Qian, Chao and Yu, Yang},
  journal={Proceedings of the AAAI Conference on Artificial Intelligence},
  volume={34},
  number={04},
  pages={3267--3274},
  year={2020}
}
@article{qian2017subset,
  title={On Subset Selection with General Cost Constraints.},
  author={Qian, Chao and Shi, Jing-Cheng and Yu, Yang and Tang, Ke},
  journal={IJCAI},
  volume={17},
  pages={2613--2619},
  year={2017}
}
@article{stobbe2012learning,
  title={Learning fourier sparse set functions},
  author={Stobbe, Peter and Krause, Andreas},
  journal={Artificial Intelligence and Statistics},
  pages={1125--1133},
  year={2012},
  organization={PMLR}
}
@article{khuller1999budgeted,
  title={The budgeted maximum coverage problem},
  author={Khuller, Samir and Moss, Anna and Naor, Joseph Seffi},
  journal={Information processing letters},
  volume={70},
  number={1},
  pages={39--45},
  year={1999},
  publisher={Elsevier}
}
@article{feige1998threshold,
  title={A threshold of ln n for approximating set cover},
  author={Feige, Uriel},
  journal={Journal of the ACM (JACM)},
  volume={45},
  number={4},
  pages={634--652},
  year={1998},
  publisher={ACM New York, NY, USA}
}
@article{dijkstra1959note,
  title={A note on two problems in connexion with graphs},
  author={Dijkstra, EW},
  journal={Numerische Math.},
  volume={1},
  pages={269--271},
  year={1959}
}
@article{prim1957shortest,
  title={Shortest connection networks and some generalizations},
  author={Prim, Robert Clay},
  journal={The Bell System Technical Journal},
  volume={36},
  number={6},
  pages={1389--1401},
  year={1957},
  publisher={Nokia Bell Labs}
}
@software{glenn_jocher_2022_7347926,
  author       = {Glenn Jocher and
                  Ayush Chaurasia and
                  Alex Stoken and
                  Jirka Borovec and
                  NanoCode012 and
                  Yonghye Kwon and
                  Kalen Michael and
                  TaoXie and
                  Jiacong Fang and
                  imyhxy and
                  Lorna and
                  Zeng Yifu and
                  Colin Wong and
                  Abhiram V and
                  Diego Montes and
                  Zhiqiang Wang and
                  Cristi Fati and
                  Jebastin Nadar and
                  Laughing and
                  UnglvKitDe and
                  Victor Sonck and
                  tkianai and
                  yxNONG and
                  Piotr Skalski and
                  Adam Hogan and
                  Dhruv Nair and
                  Max Strobel and
                  Mrinal Jain},
  title        = {{ultralytics/yolov5: v7.0 - YOLOv5 SOTA Realtime Instance Segmentation}},
  month        = nov,
  year         = 2022,
  publisher    = {Zenodo},
  version      = {v7.0},
}
